@MISC{note,
  title={AN3393 Application note},
  howpublished= {\url{http://www.st.com/content/ccc/resource/technical/document/application_note/a6/78/86/f9/88/c0/49/9b/DM00026768.pdf/files/DM00026768.pdf/jcr:content/translations/en.DM00026768.pdf}},
}
